@article{cole1989kinematics,
  title={Kinematics and control of multifingered hands with rolling contact},
  author={Cole, Arlene BA and Hauser, John Edmond and Sastry, Sosale Shankara},
  journal={IEEE Transactions on Automatic Control},
  volume={34},
  number={4},
  pages={398--404},
  year={1989},
  publisher={IEEE}
}

@InProceedings{Bicchi_1995,
author = {A. Bicchi and R. Sorrentino},
title = {Dexterous manipulation through rolling},
booktitle = {Proceedings of 1995 IEEE International Conference on Robotics and Automation},
OPTkey = {path planning;manipulators;motion control;rolling;nonlinear control systems;dexterous manipulation;nonholonomic constraints;robotic systems;robot hand;rolling;motion planning;motion control;nonholonomic dexterous hand;Motion planning;Orbital robotics;Costs;Fingers;Robot kinematics;Parallel robots;Robotics and automation;Actuators;Peak to average power ratio;Design engineering},
OPTpages = {452-457},
OPTyear = {1995},
OPTvolume = {1},
OPTmonth = {May},
OPTpublisher = {IEEE}
}

@INPROCEEDINGS{Bicchi1995, 
author={A. Bicchi and R. Sorrentino}, 
booktitle={Proceedings of 1995 IEEE International Conference on Robotics and Automation}, 
title={Dexterous manipulation through rolling},  
volume={1}, 
number={}, 
pages={452-457}, 
keywords={path planning;manipulators;motion control;rolling;nonlinear control systems;dexterous manipulation;nonholonomic constraints;robotic systems;robot hand;rolling;motion planning;motion control;nonholonomic dexterous hand;Motion planning;Orbital robotics;Costs;Fingers;Robot kinematics;Parallel robots;Robotics and automation;Actuators;Peak to average power ratio;Design engineering}, 
doi={10.1109/ROBOT.1995.525325}, 
ISSN={1050-4729}, 
year={1995},
month={May}
}


@article{sadeghi2009review,
  title={A review of rolling contact fatigue},
  author={Sadeghi, Farshid and Jalalahmadi, Behrooz and Slack, Trevor S and Raje, Nihar and Arakere, Nagaraj K},
  journal={Journal of tribology},
  volume={131},
  number={4},
  pages={041403},
  year={2009},
  publisher={American Society of Mechanical Engineers}
}

@article{880797, 
author={K. Harada and M. Kaneko and T. Tsujii}, 
journal={IEEE Transactions on Robotics and Automation}, 
title={Rolling-based manipulation for multiple objects}, 
year={2000}, 
volume={16}, 
number={5}, 
pages={457-468}, 
keywords={manipulator kinematics;motion control;position control;force control;multiple object manipulation;motion control;whole grasp system;necessary condition;contact forces;sufficient condition;robot manipulators;rolling contacts;position control;Fingers;Friction;Motion control;Sufficient conditions;Robot kinematics;Force control;Modeling;Gravity;Systems engineering and theory;Humans}, 
doi={10.1109/70.880797}, 
ISSN={1042-296X}, 
month={Oct}
}

@article{CHUNSHENGCAI1986453,
title = {On the planar motion of rigid bodies with point contact},
author = {Chun Sheng Cai and Bernard Roth},
journal = {Mechanism and Machine Theory},
volume = {21},
number = {6},
pages = {453 - 466},
year = {1986},
doi = {10.1016/0094-114X(86)90128-X},
ISSN = {0094-114X}
}