@article{Cherif01_GlobalPlanning_Dex.Reorientation_RigidObjects,
   author = {Cherif, Moëz and Gupta, Kamal K.},
   title = {Global Planning for Dexterous Reorientation of Rigid Objects: Finger Tracking with Rolling and Sliding},
   journal = {The International Journal of Robotics Research},
   volume = {20},
   number = {1},
   pages = {57-84},
   abstract = {},
   ISSN = {0278-3649},
   DOI = {10.1177/02783640122067273},
   url = {https://doi.org/10.1177/02783640122067273},
   year = {2001},
   type = {Journal Article}
}

@article{Date04_SimultaneousControl_PlateBall,
   author = {Date, H. and Sampei, M. and Ishikawa, M. and Koga, M.},
   title = {Simultaneous control of position and orientation for ball-plate manipulation problem based on time-State control form},
   journal = {IEEE Transactions on Robotics and Automation},
   volume = {20},
   number = {3},
   pages = {465-480},
   keywords = {position control
nonlinear control systems
manipulators
iterative methods
orientation control
ball plate manipulation problem
time state control form
driftless nonholonomic system
iterative method
simultaneous control
Control systems
Fingers
Kinematics
Actuators
Nonlinear equations
Feedback control
Convergence
Noise robustness
Noise measurement},
   ISSN = {1042-296X},
   DOI = {10.1109/TRA.2004.825267},
   year = {2004},
   type = {Journal Article}
}

@article{Qiushi14_LearnManipulation_UnconstrainedContacts,
   author = {Fu, Qiushi and Choi, Jason Y. and Gordon, Andrew M. and Jesunathadas, Mark and Santello, Marco},
   title = {Learned Manipulation at Unconstrained Contacts Does Not Transfer across Hands},
   journal = {PLOS ONE},
   volume = {9},
   number = {9},
   pages = {e108222},
   abstract = {},
   DOI = {10.1371/journal.pone.0108222},
   url = {https://doi.org/10.1371/journal.pone.0108222},
   year = {2014},
   type = {Journal Article}
}

@article{Grupen89_SurveyManipulation,
   author = {Grupen, Roderic A. and Henderson, Thomas C. and McCammon, Ian D.},
   title = {A Survey of General- Purpose Manipulation},
   journal = {The International Journal of Robotics Research},
   volume = {8},
   number = {1},
   pages = {38-62},
   abstract = {},
   ISSN = {0278-3649},
   DOI = {10.1177/027836498900800103},
   url = {https://doi.org/10.1177/027836498900800103},
   year = {1989},
   type = {Journal Article}
}

@inproceedings{Han97_Dex.Manipulation_RC,
   author = {Han, L. and Guan, Y. S. and Li, Z. X. and Shi, Q. and Trinkle, J. C.},
   title = {Dextrous manipulation with rolling contacts},
   booktitle = {Proceedings of International Conference on Robotics and Automation},
   volume = {2},
   pages = {992-997 vol.2},
   keywords = {path planning
manipulator kinematics
stability
rolling contacts
multifingered robotic hands
trajectory generation
finger joints
goal grasp configuration
contact kinematics
nonholonomic motion planning
grasp stability
dextrous manipulation planning
Motion planning
Fingers
Robot kinematics
Gaussian processes
Tensile stress
Trajectory
Drives
Tail
Technology planning},
   DOI = {10.1109/ROBOT.1997.614264},
   type = {Conference Proceedings}
}

@article{Harada00_RollingManipulation_multiObjects,
   author = {Harada, K. and Kaneko, M. and Tsujii, T.},
   title = {Rolling-based manipulation for multiple objects},
   journal = {IEEE Transactions on Robotics and Automation},
   volume = {16},
   number = {5},
   pages = {457-468},
   keywords = {},
   ISSN = {1042-296X},
   DOI = {10.1109/70.880797},
   year = {2000},
   type = {Journal Article}
}

@article{Harald95_Dex.Manipulation_multifinger,
   author = {Härtl, Harald},
   title = {Dextrous manipulation with multifingered robot hands including rolling and slipping of the fingertips},
   journal = {Robotics and Autonomous Systems},
   volume = {14},
   number = {1},
   pages = {29-53},
   keywords = {Multifinger robot hand
Dextrous manipulation
Rolling and slipping
Simulation},
   ISSN = {0921-8890},
   DOI = {https://doi.org/10.1016/0921-8890(94)00016-U},
   url = {http://www.sciencedirect.com/science/article/pii/092188909400016U},
   year = {1995},
   type = {Journal Article}
}

@article{Shinichi93_Kinematics-StaticsManipulation-PolyhedralConvexCones,
   author = {Hirai, Shinichi and Asada, Haruhiko},
   title = {Kinematics and Statics of Manipulation Using the Theory of Polyhedral Convex Cones},
   journal = {The International Journal of Robotics Research},
   volume = {12},
   number = {5},
   pages = {434-447},
   abstract = {},
   ISSN = {0278-3649},
   DOI = {10.1177/027836499301200504},
   url = {https://doi.org/10.1177/027836499301200504},
   year = {1993},
   type = {Journal Article}
}

@inproceedings{Hong90_FineManipulation_multifinger,
   author = {Hong, J. and Lafferriere, G. and Mishra, B. and Tan, X.},
   title = {Fine manipulation with multifinger hands},
   booktitle = {Proceedings., IEEE International Conference on Robotics and Automation},
   pages = {1568-1573 vol.3},
   keywords = {},
   DOI = {10.1109/ROBOT.1990.126232},
   type = {Conference Proceedings}
}
@book{Murray-Li_EbookRobotic_Manipulation,
   author = {Murray, Richard M. and Sastry, S. Shankar and Zexiang, Li},
   title = {A Mathematical Introduction to Robotic Manipulation},
   publisher = {CRC Press, Inc.},
   address = {Boca Raton, FL, USA},
   pages = {480},
   ISBN = {0849379814},
   year = {1994},
   type = {Book}
}

@article{Jurdjevic93_Geometry_PlateBall,
   author = {Jurdjevic, V.},
   title = {The geometry of the plate-ball problem},
   journal = {Archive for Rational Mechanics and Analysis},
   volume = {124},
   number = {4},
   pages = {305-328},
   ISSN = {1432-0673},
   DOI = {10.1007/BF00375605},
   url = {https://doi.org/10.1007/BF00375605},
   year = {1993},
   type = {Journal Article}
}

@inproceedings{Oriolo01_RobustStabilization_PlateBall,
   author = {Oriolo, G. and Vendittelli, M.},
   title = {Robust stabilization of the plate-ball manipulation system},
   booktitle = {Proceedings 2001 ICRA. IEEE International Conference on Robotics and Automation (Cat. No.01CH37164)},
   volume = {1},
   pages = {91-96 vol.1},
   keywords = {},
   ISBN = {1050-4729},
   DOI = {10.1109/ROBOT.2001.932535},
   type = {Conference Proceedings}
}

