@inbook{Brockett93_NonHolonomic_Kinematics,
   author = {Brockett, R. W. and Dai, Liyi},
   title = {Non-holonomic Kinematics and the Role of Elliptic Functions in Constructive Controllability},
   booktitle = {Nonholonomic Motion Planning},
   editor = {Li, Zexiang and Canny, J. F.},
   publisher = {Springer US},
   address = {Boston, MA},
   pages = {1-21},
   abstract = {},
   ISBN = {978-1-4615-3176-0},
   DOI = {10.1007/978-1-4615-3176-0_1},
   url = {https://doi.org/10.1007/978-1-4615-3176-0_1},
   year = {1993},
   type = {Book Section}
}

@article{Cole89_Kinematic_Control_RC,
   author = {Cole, A. B. A. and Hauser, J. E. and Sastry, S. S.},
   title = {Kinematics and control of multifingered hands with rolling contact},
   journal = {IEEE Transactions on Automatic Control},
   volume = {34},
   number = {4},
   pages = {398-404},
   keywords = {},
   ISSN = {0018-9286},
   DOI = {10.1109/9.28014},
   year = {1989},
   type = {Journal Article}
}

@inproceedings{Hsu88_Grasping_Manipulation,
   author = {Hsu, P. and Li, Z. and Sastry, S.},
   title = {On grasping and coordinated manipulation by a multifingered robot hand},
   booktitle = {Proceedings. 1988 IEEE International Conference on Robotics and Automation},
   pages = {384-389 vol.1},
   keywords = {},
   DOI = {10.1109/ROBOT.1988.12078},
   year = {1988},
   type = {Conference Proceedings}
}

@inproceedings{Jianfeng00_Kinematic_Manipulation_RC,
   author = {Jianfeng, Li and Yuru, Zhang and Qixiang, Zhang},
   title = {Kinematic algorithm of multifingered manipulation with rolling contact},
   booktitle = {Proceedings. 2000 IEEE/RSJ International Conference on Intelligent Robots and Systems (IROS 2000) (Cat. No.00CH37113)},
   volume = {1},
   pages = {338-343 vol.1},
   keywords = {},
   DOI = {10.1109/IROS.2000.894628},
   year = {2000},
   type = {Conference Proceedings}
}

@article{Kerr-Roth86_AnalysisMultifingerHands,
   author = {Kerr, J. and Roth, B.},
   title = {Analysis of multifingered hands},
   journal = {International Journal of Robotics Research},
   volume = {4},
   number = {4},
   pages = {3-17},
   abstract = {.},
   keywords = {},
   ISSN = {0278-3649},
   year = {1986},
   type = {Journal Article}
}

@inproceedings{W.Lei18_Kinematics_Sliding_SphericalRobot,
   author = {Li, Wei and Zhan, Qiang},
   title = {Kinematics Based Sliding-Mode Control for Trajectory Tracking of a Spherical Mobile Robot},
   booktitle = {Recent Advances in Intelligent Manufacturing},
   editor = {Wang, Shilong and Price, Mark and Lim, Ming K. and Jin, Yan and Luo, Yuanxin and Chen, Rui},
   publisher = {Springer Singapore},
   pages = {540-547},
   abstract = {},
   ISBN = {978-981-13-2396-6},
   year = {2018},
   type = {Conference Proceedings}
}

@inproceedings{Maekawa97_Kinematics_Statics_3DGrasp,
   author = {Maekawa, H. and Tanie, K. and Komoriya, K.},
   title = {Kinematics, statics and stiffness effect of 3D grasp by multifingered hand with rolling contact at the fingertip},
   booktitle = {Proceedings of International Conference on Robotics and Automation},
   volume = {1},
   pages = {78-85 vol.1},
   keywords = {},
   DOI = {10.1109/ROBOT.1997.620019},
   year = {1997},
   type = {Conference Proceedings}
}

@article{Montana88_Kinematics_Contact_Grasp,
   author = {Montana, David J.},
   title = {The Kinematics of Contact and Grasp},
   journal = {The International Journal of Robotics Research},
   volume = {7},
   number = {3},
   pages = {17-32},
   abstract = {},
   ISSN = {0278-3649},
   DOI = {10.1177/027836498800700302},
   url = {https://doi.org/10.1177/027836498800700302},
   year = {1988},
   type = {Journal Article}
}

@inproceedings{Montana89_Kinematic_Contact_Compliance,
   author = {Montana, D. J.},
   title = {The kinematics of contact with compliance},
   booktitle = {Proceedings, 1989 International Conference on Robotics and Automation},
   pages = {770-774 vol.2},
   keywords = {},
   DOI = {10.1109/ROBOT.1989.100077},
   year = {1989},
   type = {Conference Proceedings}
}

@article{Montana95_Kinematics_Manipulation,
   author = {Montana, D. J.},
   title = {The kinematics of multi-fingered manipulation},
   journal = {Robotics and Automation, IEEE Transactions on},
   volume = {11},
   number = {4},
   pages = {491-503},
   abstract = {},
   keywords = {Robotics and Control Systems},
   ISSN = {1042-296X},
   DOI = {10.1109/70.406933},
   year = {1995},
   type = {Journal Article}
}

@article{Muir87_Kinematic_WheeledRobot,
   author = {Muir, Patrick F. and Neuman, Charles P.},
   title = {Kinematic modeling of wheeled mobile robots},
   journal = {Journal of Robotic Systems},
   volume = {4},
   number = {2},
   pages = {281-340},
   abstract = {},
   ISSN = {0741-2223},
   DOI = {10.1002/rob.4620040209},
   url = {https://doi.org/10.1002/rob.4620040209},
   year = {1987},
   type = {Journal Article}
}

