@article{Alouges10_MotionPlanning_RollingBody,
   author = {Alouges, F. and Chitour, Y. and Long, R.},
   title = {A Motion-Planning Algorithm for the Rolling-Body Problem},
   journal = {IEEE Transactions on Robotics},
   volume = {26},
   number = {5},
   pages = {827-836},
   keywords = {},
   ISSN = {1552-3098},
   DOI = {10.1109/TRO.2010.2053733},
   year = {2010},
   type = {Journal Article}
}

@article{Bhattacharya00_SphericalRollingRobot_Design_MotionPlanning,
   author = {Bhattacharya, S. and Agrawal, S. K.},
   title = {Spherical rolling robot: a design and motion planning studies},
   journal = {IEEE Transactions on Robotics and Automation},
   volume = {16},
   number = {6},
   pages = {835-839},
   keywords = {},
   ISSN = {1042-296X},
   DOI = {10.1109/70.897794},
   year = {2000},
   type = {Journal Article}
}

@inproceedings{Bicchi95_PlanningMotion_RollingSurfaces,
   author = {Bicchi, A. and Prattichizzo, D. and Sastry, S. S.},
   title = {Planning motions of rolling surfaces},
   booktitle = {Proceedings of 1995 34th IEEE Conference on Decision and Control},
   volume = {3},
   pages = {2812-2817 vol.3},
   keywords = {},
   ISBN = {0191-2216},
   DOI = {10.1109/CDC.1995.478544},
   year = {1995},
   type = {Conference Proceedings}
}

@article{Boizot13_MotionPlanning_KinematicSystem,
   author = {Boizot, N. and Gauthier, J.},
   title = {Motion Planning for Kinematic Systems},
   journal = {IEEE Transactions on Automatic Control},
   volume = {58},
   number = {6},
   pages = {1430-1442},
   keywords = {},
   ISSN = {0018-9286},
   DOI = {10.1109/TAC.2012.2232376},
   year = {2013},
   type = {Journal Article}
}

@inproceedings{Cai88_SpatialMotion_LineContact,
   author = {Cai, C. and Roth, B.},
   title = {On the spatial motion of a rigid body with line contact},
   booktitle = {Proceedings. 1988 IEEE International Conference on Robotics and Automation},
   pages = {1036-1041 Vol.2},
   keywords = {},
   DOI = {10.1109/ROBOT.1988.12197},
   year = {1988},
   type = {Conference Proceedings} 
   
}

@inproceedings{Chelouah01_MotionPlanning_RollingSurfaces,
   author = {Chelouah, A. and Chitour, Y.},
   title = {Motion planning of rolling surfaces},
   booktitle = {Proceedings of the 40th IEEE Conference on Decision and Control (Cat. No.01CH37228)},
   volume = {1},
   pages = {502-507 vol.1},
   keywords = {},
   DOI = {10.1109/CDC.2001.980150},
    year = {2001},
   type = {Conference Proceedings}
}

@article{Chitour05_Quantization_RollingBody,
   author = {Chitour, Y. and Marigo, A. and Piccoli, B.},
   title = {Quantization of the rolling-body problem with applications to motion planning},
   journal = {Systems & Control Letters},
   volume = {54},
   number = {10},
   pages = {999-1013},
   abstract = {},
   keywords = {Rolling bodies
Quantized systems
Motion planning},
   ISSN = {0167-6911},
   DOI = {https://doi.org/10.1016/j.sysconle.2005.02.012},
   url = {http://www.sciencedirect.com/science/article/pii/S0167691105000368},
   year = {2005},
   type = {Journal Article}
}

@inproceedings{Chong93_FiniteMotionPlanning,
   author = {Chong, N. Y. and Choi, D. and Suh, I. H.},
   title = {A finite motion planning strategy for multifingered robotic hands considering sliding and rolling contacts},
   booktitle = {[1993] Proceedings IEEE International Conference on Robotics and Automation},
   pages = {180-187 vol.3},
   keywords = {},
   DOI = {10.1109/ROBOT.1993.291852},
    year = {1993},
   type = {Conference Proceedings}
   }

@inproceedings{Chong93_Motion_ForcePlanning,
   author = {Chong, N. Y. and Choi, D. and Suh, I. H.},
   title = {A generalized motion/force planning strategy for multifingered hands using both rolling and sliding contacts},
   booktitle = {Proceedings of 1993 IEEE/RSJ International Conference on Intelligent Robots and Systems (IROS '93)},
   volume = {1},
   pages = {113-120 vol.1},
   keywords = {},
   DOI = {10.1109/IROS.1993.583088},
    year = {1993},
   type = {Conference Proceedings}
}

@article{Cai86_PlanarMotion_PointContact,
   author = {Chun Sheng, Cai and Roth, Bernard},
   title = {On the planar motion of rigid bodies with point contact},
   journal = {Mechanism and Machine Theory},
   volume = {21},
   number = {6},
   pages = {453-466},
   ISSN = {0094-114X},
   DOI = {https://doi.org/10.1016/0094-114X(86)90128-X},
   url = {http://www.sciencedirect.com/science/article/pii/0094114X8690128X},
   year = {1986},
   type = {Journal Article}
}

@inproceedings{Cai87_SpatialMotion_PointContact,
   author = {Chun Sheng, Cai and Roth, B.},
   title = {On the spatial motion of a rigid body with point contact},
   booktitle = {Proceedings. 1987 IEEE International Conference on Robotics and Automation},
   volume = {4},
   pages = {686-695},
   keywords = {},
   DOI = {10.1109/ROBOT.1987.1087971},
    year = {1987},
   type = {Conference Proceedings}
}

@inproceedings{Jeong13_In-hand_RollingMotionPlanning,
   author = {Jeong, H. and Cheong, J.},
   title = {In-hand rolling motion planning using independent contact region (ICR) with guaranteed grasp quality margin},
   booktitle = {2013 IEEE International Conference on Robotics and Automation},
   pages = {3239-3244},
   keywords = {},
   ISBN = {1050-4729},
   DOI = {10.1109/ICRA.2013.6631028},
   year = {2013},
   type = {Conference Proceedings}
}

@article{Jia16_Planning_IntialMotion,
   author = {Jia, Y.},
   title = {Planning the Initial Motion of a Free Sliding/Rolling Ball},
   journal = {IEEE Transactions on Robotics},
   volume = {32},
   number = {3},
   pages = {566-582},
   keywords = {},
   ISSN = {1552-3098},
   DOI = {10.1109/TRO.2016.2544338},
   year = {2016},
   type = {Journal Article}
}

@article{Kingston18_Sampling_MotionPlanning,
   author = {Kingston, Zachary and Moll, Mark and Kavraki, Lydia E.},
   title = {Sampling-Based Methods for Motion Planning with Constraints},
   journal = {Annual Review of Control, Robotics, and Autonomous Systems},
   volume = {1},
   number = {1},
   pages = {159-185},
   abstract = {},
   ISSN = {2573-5144},
   DOI = {10.1146/annurev-control-060117-105226},
   url = {https://doi.org/10.1146/annurev-control-060117-105226},
   year = {2018},
   type = {Journal Article}
}

@article{Kiss02_MotionPlanning_PernamentRC,
   author = {Kiss, Bálint and Lévine, Jean and Lantos, Béla},
   title = {On Motion Planning for Robotic Manipulation with Permanent Rolling Contacts},
   journal = {The International Journal of Robotics Research},
   volume = {21},
   number = {5-6},
   pages = {443-461},
   abstract = {},
   keywords = {Dextrous Manipulation
Nonholonomic Mechanical Systems
Motion Planning
Flat Systems
Liouvillian Systems
Engineering},
   ISSN = {0278-3649},
   DOI = {10.1177/027836402321261959},
   year = {2002},
   type = {Journal Article}
}

@inproceedings{Lee07_FastRegulation_RollingSphere,
   author = {Lee, T. and Lin, S.},
   title = {Fast Regulation of the Rolling Sphere: A Motion Planning Approach},
   booktitle = {Proceedings 2007 IEEE International Conference on Robotics and Automation},
   pages = {1838-1842},
   keywords = {},
   ISBN = {1050-4729},
   DOI = {10.1109/ROBOT.2007.363589},
   year = {2007},
   type = {Conference Proceedings}
}

@article{Z.Li90_MotionRigidBody_RC,
   author = {Li, Z. and Canny, J.},
   title = {Motion of two rigid bodies with rolling constraint},
   journal = {IEEE Transactions on Robotics and Automation},
   volume = {6},
   number = {1},
   pages = {62-72},
   keywords = {Frobenius's theorem
Chow's theorem },
   ISSN = {1042-296X},
   DOI = {10.1109/70.88118},
   year = {1990},
   type = {Journal Article}
}

@inproceedings{Z.Li89_MotionPlanning_Dex.Manipulation,
   author = {Li, Z. and Canny, J. F. and Sastry, S. S.},
   title = {On motion planning for dexterous manipulation. I. The problem formulation},
   booktitle = {Proceedings, 1989 International Conference on Robotics and Automation},
   pages = {775-780 vol.2},
   keywords = {p},
   DOI = {10.1109/ROBOT.1989.100078},
   year = {1989},
   type = {Conference Proceedings}
}

@inproceedings{Nakashima17_MotionPlanning_Grasp,
   author = {Nakashima, A.},
   title = {A motion planning for grasp and manipulation system based on rolling motion},
   booktitle = {2017 IEEE Conference on Control Technology and Applications (CCTA)},
   pages = {167-174},
   keywords = {},
   DOI = {10.1109/CCTA.2017.8062458},
   year = {2017},
   type = {Conference Proceedings}
}

@inproceedings{Z.Li89_MotionPlanning_Nonholonomic,
   author = {Sastry, S. and Li, Z.},
   title = {Robot motion planning with nonholonomic constraints},
   booktitle = {Proceedings of the 28th IEEE Conference on Decision and Control},
   pages = {211-216 vol.1},
   keywords = {},
   DOI = {10.1109/CDC.1989.70105},
   year = {1989},
   type = {Conference Proceedings}
}

@article{Seereeram95_GlobalPathPlanning_RedundantManipulators,
   author = {Seereeram, S. and Wen, J. T.},
   title = {A global approach to path planning for redundant manipulators},
   journal = {IEEE Transactions on Robotics and Automation},
   volume = {11},
   number = {1},
   pages = {152-160},
   keywords = {},
   ISSN = {1042-296X},
   DOI = {10.1109/70.345948},
   year = {1995},
   type = {Journal Article}
}

@article{Svinin08_MotionPlanning_RollingSphere,
   author = {Svinin, M. and Hosoe, S.},
   title = {Motion Planning Algorithms for a Rolling Sphere With Limited Contact Area},
   journal = {IEEE Transactions on Robotics},
   volume = {24},
   number = {3},
   pages = {612-625},
   keywords = {},
   ISSN = {1552-3098},
   DOI = {10.1109/TRO.2008.921568},
   year = {2008},
   type = {Journal Article}
}

@article{Z.Li89_NonholonomicMotionPlanning,
   author = {Zexiang Li and Canny, J.F.},
   title = {Nonholonomic Motion Planning},
   journal = {1991 IEEE International Conference on Robotics and Automation},
   volume = {192},
   pages = {XV, 448},
   ISSN = {0893-3405},
   DOI = {10.1007/978-1-4615-3176-0},
   year = {1991},
   type = {Journal Article}
}

