@article{Leicui2015,
   author = {Cui, Lei and Dai, Jian S.},
   title = {A Polynomial Formulation of Inverse Kinematics of Rolling Contact},
   journal = {Journal of Mechanisms and Robotics},
   volume = {7},
   number = {4},
   pages = {041003-041003-9},
   ISSN = {1942-4302},
   DOI = {10.1115/1.4029498},
   url = {http://dx.doi.org/10.1115/1.4029498},
   year = {2015},
   type = {Journal Article}
}
@article{Leicui2017,
   author = {Cui, Lei and Sun, Jie and Dai, Jian S.},
   title = {In-hand forward and inverse kinematics with rolling contact},
   journal = {Robotica},
   volume = {35},
   number = {12},
   pages = {2381-2399},
   ISSN = {0263-5747},
   DOI = {10.1017/S026357471700008X},
   url = {https://www.cambridge.org/core/article/inhand-forward-and-inverse-kinematics-with-rolling-contact/E27011ABA54251EA31B3186D42D4BD1C},
   year = {2017},
   type = {Journal Article}
}

%--------------------------------
%		Rolling contact RC
%--------------------------------
@incollection{Kalker_1991_RC,
  title={Wheel--rail rolling contact theory},
  author={Kalker, JJ},
  booktitle={Mechanics and Fatigue in Wheel/Rail Contact},
  pages={243--261},
  year={1991},
  publisher={Elsevier}
}

@article{Yousef_2011_Tactile_Sensing,
  title={Tactile sensing for dexterous in-hand manipulation in roboticsâ€”A review},
  author={Yousef, Hanna and Boukallel, Mehdi and Althoefer, Kaspar},
  journal={Sensors and Actuators A: physical},
  volume={167},
  number={2},
  pages={171--187},
  year={2011},
  publisher={Elsevier}
}
@inproceedings{Doulgeri_2013_RC,
  title={On rolling contact motion by robotic fingers via prescribed performance control},
  author={Doulgeri, Zoe and Droukas, Leonidas},
  booktitle={Robotics and Automation (ICRA), 2013 IEEE International Conference on},
  pages={3976--3981},
  year={2013},
  organization={IEEE}
}
%--------------------------------
%		Rolling contact Kinematic
%--------------------------------
@inbook{Brockett93_NonholonomicKinematic,
   author = {Brockett, R. W. and Dai, Liyi},
   title = {Non-holonomic Kinematics and the Role of Elliptic Functions in Constructive Controllability},
   booktitle = {Nonholonomic Motion Planning},
   editor = {Li, Zexiang and Canny, J. F.},
   publisher = {Springer US},
   address = {Boston, MA},
   pages = {1-21},
   ISBN = {978-1-4615-3176-0},
   DOI = {10.1007/978-1-4615-3176-0_1},
   url = {https://doi.org/10.1007/978-1-4615-3176-0_1},
   year = {1993},
   type = {Book Section}
}

@article{Cole89_Kinematics_multifingered-RC,
   author = {Cole, A. B. A. and Hauser, J. E. and Sastry, S. S.},
   title = {Kinematics and control of multifingered hands with rolling contact},
   journal = {IEEE Transactions on Automatic Control},
   volume = {34},
   number = {4},
   pages = {398-404},
   ISSN = {0018-9286},
   DOI = {10.1109/9.28014},
   year = {1989},
   type = {Journal Article}
}

@inproceedings{Hsu88_onGrasping,
   author = {Hsu, P. and Li, Z. and Sastry, S.},
   title = {On grasping and coordinated manipulation by a multifingered robot hand},
   booktitle = {Proceedings. 1988 IEEE International Conference on Robotics and Automation},
   pages = {384-389 vol.1},
   DOI = {10.1109/ROBOT.1988.12078},
   year = {1988},
   type = {Conference Proceedings}
}

@inproceedings{Jianfeng00_Kinematic_RC,
   author = {Jianfeng, Li and Yuru, Zhang and Qixiang, Zhang},
   title = {Kinematic algorithm of multifingered manipulation with rolling contact},
   booktitle = {Proceedings. 2000 IEEE/RSJ International Conference on Intelligent Robots and Systems (IROS 2000) (Cat. No.00CH37113)},
   volume = {1},
   pages = {338-343 vol.1},
   DOI = {10.1109/IROS.2000.894628},
   year = {2000},
   type = {Conference Proceedings}
}

@article{Kerr86_multifingered,
   author = {Kerr, J. and Roth, B.},
   title = {Analysis of multifingered hands},
   journal = {International Journal of Robotics Research},
   volume = {4},
   number = {4},
   pages = {3-17},
   ISSN = {0278-3649},
   year = {1986},
   type = {Journal Article}
}

@inproceedings{Li_Kinematic-Sliding,
   author = {Li, Wei and Zhan, Qiang},
   title = {Kinematics Based Sliding-Mode Control for Trajectory Tracking of a Spherical Mobile Robot},
   booktitle = {Recent Advances in Intelligent Manufacturing},
   editor = {Wang, Shilong and Price, Mark and Lim, Ming K. and Jin, Yan and Luo, Yuanxin and Chen, Rui},
   publisher = {Springer Singapore},
   pages = {540-547},
   ISBN = {978-981-13-2396-6},
   type = {Conference Proceedings}
}

@inproceedings{Maekawa97_Kinematic_3DGrasp,
   author = {Maekawa, H. and Tanie, K. and Komoriya, K.},
   title = {Kinematics, statics and stiffness effect of 3D grasp by multifingered hand with rolling contact at the fingertip},
   booktitle = {Proceedings of International Conference on Robotics and Automation},
   volume = {1},
   pages = {78-85 vol.1},
   DOI = {10.1109/ROBOT.1997.620019},
   type = {Conference Proceedings}
}

@article{Montana88_KinematicContact-grasp,
   author = {Montana, David J.},
   title = {The Kinematics of Contact and Grasp},
   journal = {The International Journal of Robotics Research},
   volume = {7},
   number = {3},
   pages = {17-32},
   ISSN = {0278-3649},
   DOI = {10.1177/027836498800700302},
   url = {https://doi.org/10.1177/027836498800700302},
   year = {1988},
   type = {Journal Article}
}

@inproceedings{Montana89_Kinematicofcontact,
   author = {Montana, D. J.},
   title = {The kinematics of contact with compliance},
   booktitle = {Proceedings, 1989 International Conference on Robotics and Automation},
   pages = {770-774 vol.2},
   DOI = {10.1109/ROBOT.1989.100077},
   type = {Conference Proceedings}
}

@article{Montana95_kinematic-multifingered,
   author = {Montana, D. J.},
   title = {The kinematics of multi-fingered manipulation},
   journal = {Robotics and Automation, IEEE Transactions on},
   volume = {11},
   number = {4},
   pages = {491-503},
   ISSN = {1042-296X},
   DOI = {10.1109/70.406933},
   year = {1995},
   type = {Journal Article}
}

@article{Muir87_Kinematic_modelingofwheeled_mobile_robots,
   author = {Muir, Patrick F. and Neuman, Charles P.},
   title = {Kinematic modeling of wheeled mobile robots},
   journal = {Journal of Robotic Systems},
   volume = {4},
   number = {2},
   pages = {281-340},
   ISSN = {0741-2223},
   DOI = {10.1002/rob.4620040209},
   url = {https://doi.org/10.1002/rob.4620040209},
   year = {1987},
   type = {Journal Article}
}

%--------------------------------
%		In-hand Manipulation
%--------------------------------
@article{Cherif_1999_planning,
  title={Planning quasi-static fingertip manipulations for reconfiguring objects},
  author={Cherif, Mo{\"e}z and Gupta, Kamal K},
  journal={IEEE Transactions on Robotics and Automation},
  volume={15},
  number={5},
  pages={837--848},
  year={1999},
  publisher={IEEE}
}

@article{Sudsang_2000_Grasping_In-hand_manipulation,
  title={Grasping and in-hand manipulation: Geometry and algorithms},
  author={Sudsang, Attawith and Srinivasa, N and others},
  journal={Algorithmica},
  volume={26},
  number={3-4},
  pages={466--493},
  year={2000},
  publisher={Springer}
}

@inproceedings{Van_2015_In-hand_manipulation,
  title={Learning robot in-hand manipulation with tactile features},
  author={Van Hoof, Herke and Hermans, Tucker and Neumann, Gerhard and Peters, Jan},
  booktitle={Humanoid Robots (Humanoids), 2015 IEEE-RAS 15th International Conference on},
  pages={121--127},
  year={2015},
  organization={IEEE}
}

@article{Pajarinen_2017_R.Manipulation_POMDP,
  title={Robotic manipulation of multiple objects as a POMDP},
  author={Pajarinen, Joni and Kyrki, Ville},
  journal={Artificial Intelligence},
  volume={247},
  pages={213--228},
  year={2017},
  publisher={Elsevier}
}
%--------------------------------
%	 dexterous manipulation
%--------------------------------

@article{Bicchi_2000_Hands_Dexterous,
  title={Hands for dexterous manipulation and robust grasping: A difficult road toward simplicity},
  author={Bicchi, Antonio},
  journal={IEEE Transactions on robotics and automation},
  volume={16},
  number={6},
  pages={652--662},
  year={2000},
  publisher={IEEE}
}

@inproceedings{Bicchi_2000_RC_Dexterous,
  title={Rolling contacts and dexterous manipulation},
  author={Bicchi, Antonio and Marigo, Alessia},
  booktitle={Robotics and Automation, 2000. Proceedings. ICRA'00. IEEE International Conference on},
  volume={1},
  pages={282--287},
  year={2000},
  organization={IEEE}
}

@inproceedings{Trinkle_1991_framework_Planning_DM,
  title={A framework for planning dexterous manipulation},
  author={Trinkle, Jeffrey C and Hunter, Jerry J},
  booktitle={Robotics and Automation, 1991. Proceedings., 1991 IEEE International Conference on},
  pages={1245--1251},
  year={1991},
  organization={IEEE}
}
@inproceedings{Han_Trinkle_1998_DM_Rolling,
  title={Dextrous manipulation by rolling and finger gaiting},
  author={Han, Li and Trinkle, Jeffrey C},
  booktitle={Robotics and Automation, 1998. Proceedings. 1998 IEEE International Conference on},
  volume={1},
  pages={730--735},
  year={1998},
  organization={IEEE}
}
@inproceedings{Okamura_2000_Overview_DM,
  title={An overview of dexterous manipulation},
  author={Okamura, Allison M and Smaby, Niels and Cutkosky, Mark R},
  booktitle={Robotics and Automation, 2000. Proceedings. ICRA'00. IEEE International Conference on},
  volume={1},
  pages={255--262},
  year={2000},
  organization={IEEE}
}

@inproceedings{Ma_2011_dexterity_DM,
  title={On dexterity and dexterous manipulation},
  author={Ma, Raymond R and Dollar, Aaron M},
  booktitle={Advanced Robotics (ICAR), 2011 15th International Conference on},
  pages={1--7},
  year={2011},
  organization={IEEE}
}
@article{Wright_1989_dexterity,
  title={The dexterity of manufacturing hands},
  author={Wright, P and Demmel, J and Nagurka, M},
  journal={Robotics Research, DSC},
  volume={14},
  pages={157--163},
  year={1989}
}
@inproceedings{Speeter_1991_primitive_Utah,
  title={Primitive based control of the Utah/MIT dextrous hand},
  author={Speeter, Thomas H},
  booktitle={Robotics and Automation, 1991. Proceedings., 1991 IEEE International Conference on},
  pages={866--877},
  year={1991},
  organization={IEEE}
}
%--------------------------------
%      %Nonholonomic - MP
%--------------------------------
@article{Barraquand_1993_nonholonomic_Control,
  title={Nonholonomic multibody mobile robots: Controllability and motion planning in the presence of obstacles},
  author={Barraquand, J{\'e}r{\^o}me and Latombe, Jean-Claude},
  journal={Algorithmica},
  volume={10},
  number={2-4},
  pages={121},
  year={1993},
  publisher={Springer}
}
@article{Lumond_1994_nonholonomic_MP,
  title={A motion planner for nonholonomic mobile robots},
  author={Laumond, J-P and Jacobs, Paul E and Taix, Michel and Murray, Richard M},
  journal={IEEE Transactions on Robotics and Automation},
  volume={10},
  number={5},
  pages={577--593},
  year={1994},
  publisher={IEEE}
}
%--------------------------------
%		Motion Planning
%--------------------------------
@incollection{Tournassoud_1989_MP,
  title={Motion planning for a mobile robot with a kinematic constraint},
  author={Tournassoud, Pierre},
  booktitle={Geometry and Robotics},
  pages={150--171},
  year={1989},
  publisher={Springer}
}

%--------------------------------
%      Optimal Motion Planning
%--------------------------------
@article{Gomez_2011_RL_MotionPlanning,
 author = {G\'{o}mez, M. and Gonz\'{a}lez, R. V. and Mart\'{\i}nez-Mar\'{\i}n, T. and Meziat, D. and S\'{a}nchez, S.},
 title = {Optimal Motion Planning by Reinforcement Learning in Autonomous Mobile Vehicles},
 journal = {Robotica},
 issue_date = {March 2012},
 volume = {30},
 number = {2},
 month = mar,
 year = {2012},
 issn = {0263-5747},
 pages = {159--170},
 numpages = {12},
 url = {http://dx.doi.org/10.1017/S0263574711000452},
 doi = {10.1017/S0263574711000452},
 acmid = {2139850},
 publisher = {Cambridge University Press},
 address = {New York, NY, USA},
 keywords = {Adjoining, Cell-mapping, Non-holonomic systems, Optimal motion planning, Reinforcement learning},
}

%--------------------------------
%		discrete 
%--------------------------------
@article{Hsu_1985_Discrete_Cell_State,
  title={A discrete method of optimal control based upon the cell state space concept},
  author={Hsu, CS},
  journal={Journal of optimization theory and applications},
  volume={46},
  number={4},
  pages={547--569},
  year={1985},
  publisher={Springer}
}
@inproceedings{Zhu_1990_Cell_Mapping_planning,
  title={Planning optimal robot trajectories by cell mapping},
  author={Zhu, Wen H and Leu, Ming-Chuan},
  booktitle={Robotics and Automation, 1990. Proceedings., 1990 IEEE International Conference on},
  pages={1730--1735},
  year={1990},
  organization={IEEE}
}
@article{Wang_1994_Cell_Mapping_Planning,
  title={A cell mapping method for general optimum trajectory planning of multiple robotic arms},
  author={Wang, Fei-Yue and Lever, Paul JA},
  journal={Robotics and Autonomous Systems},
  volume={12},
  number={1-2},
  pages={15--27},
  year={1994},
  publisher={Elsevier}
}
@article{Belta_2005_Discrete_MP,
  title={Discrete abstractions for robot motion planning and control in polygonal environments},
  author={Belta, Calin and Isler, Volkan and Pappas, George J},
  journal={IEEE Transactions on Robotics},
  volume={21},
  number={5},
  pages={864--874},
  year={2005},
  publisher={IEEE}
}
@inproceedings{Thomas_2003_Trajectory,
  title={Towards an efficient optimal trajectory planner for multiple mobile robots},
  author={Thomas, Jason and Blair, Alan and Barnes, Nick},
  booktitle={Intelligent Robots and Systems, 2003.(IROS 2003). Proceedings. 2003 IEEE/RSJ International Conference on},
  volume={3},
  pages={2291--2296},
  year={2003},
  organization={IEEE}
}
@article{Lamiraux_2001_Smooth_MP,
  title={Smooth motion planning for car-like vehicles},
  author={Lamiraux, Florent and Lammond, J-P},
  journal={IEEE Transactions on Robotics and Automation},
  volume={17},
  number={4},
  pages={498--501},
  year={2001},
  publisher={IEEE}
}
@article{Cheng_2001_RRT_trajectory,
  title={RRT-based trajectory design for autonomous automobiles and spacecraft},
  author={Cheng, Peng and Shen, Zuojun and La Valle, S},
  journal={Archives of control sciences},
  volume={11},
  number={3/4},
  pages={167--194},
  year={2001}
}
@inproceedings{Conner_2003_Potential_Func,
  title={Composition of local potential functions for global robot control and navigation},
  author={Conner, David C and Rizzi, Alfred A and Choset, Howie},
  booktitle={Intelligent Robots and Systems, 2003.(IROS 2003). Proceedings. 2003 IEEE/RSJ International Conference on},
  volume={4},
  pages={3546--3551},
  year={2003},
  organization={IEEE}
}

%--------------------------------
%searching path planning
%--------------------------------
@inproceedings{Rankin_1996_A_star_Search,
  title={A multi-purpose off-line path planner based on an A* search algorithm},
  author={Rankin, Arturo L and Crane III, Carl D},
  booktitle={Proceedings of the ASME Design Engineering Technical Conferences},
  pages={1--10},
  year={1996},
  organization={Citeseer}
}
@article{Reeds_1990_Optimal_Path,
  title={Optimal paths for a car that goes both forwards and backwards},
  author={Reeds, James and Shepp, Lawrence},
  journal={Pacific journal of mathematics},
  volume={145},
  number={2},
  pages={367--393},
  year={1990},
  publisher={Mathematical Sciences Publishers}
}

%--------------------------------
%		dynamic program
%--------------------------------
@article{Gomez_2002_DynamicProgram_CellMapping,
  title={Optimal trajectory generation using the Simple Cell-Mapping method for wheeled mobile vehicles},
  author={G{\'o}mez, M and Mart{\'\i}nez, T and S{\'a}nchez, S},
  journal={Proc. of SAAEI},
  pages={1--5},
  year={2002}
}
@inproceedings{Barraquand_1989_DynamicProgram_nonholonomic,
  title={On nonholonomic mobile robots and optimal maneuvering},
  author={Barraquand, Jerome and Latombe, J-C},
  booktitle={Proceedings. IEEE International Symposium on Intelligent Control 1989},
  pages={340--347},
  year={1989},
  organization={IEEE}
}

%--------------------------------
%		Reinforcement Learning RL
%--------------------------------
@book{Sutton_1998_RL_Introduction,
  title={Reinforcement learning: An introduction},
  author={Sutton, Richard S and Barto, Andrew G and Bach, Francis and others},
  year={1998},
  publisher={MIT press}
}
@article{Kaelbling_1996_RL_Survey,
  title={Reinforcement learning: A survey},
  author={Kaelbling, Leslie Pack and Littman, Michael L and Moore, Andrew W},
  journal={Journal of artificial intelligence research},
  volume={4},
  pages={237--285},
  year={1996}
}
